
@misc{ewer_psychology_2014,
	type = {Blog},
	title = {The {Psychology} of {Color} in {E}-{Commerce}},
	url = {https://woocommerce.com/2014/07/psychology-color-e-commerce/},
	language = {English},
	journal = {WooCommerce},
	author = {Ewer, Tom},
	month = jul,
	year = {2014}
}

@misc{coffin_color_2013,
	type = {News},
	title = {Color, {Psychology} and {E}-{Commerce}},
	shorttitle = {colorpsychology},
	url = {http://www.practicalecommerce.com/color-psychology-and-ecommerce-2},
	abstract = {Color affects our moods and states of mind. It can influence customer buying habits, making color psychology an important part of ecommerce. This article will address color psychology basics and ways you can use color psychology with your ecommerce efforts.},
	language = {English},
	journal = {Practical E-Commerce},
	author = {Coffin, Drew},
	month = feb,
	year = {2013}
}

@misc{azurri_node_2016,
	type = {Blog},
	title = {Node {Package} {Manager}},
	shorttitle = {npm},
	url = {http://www.azuwir.com/2016/10/nodejs-node-package-manager-npm/},
	language = {Indonesia},
	journal = {Node.js Package Manager},
	author = {Azurri, Azuwir},
	month = oct,
	year = {2016}
}

@misc{wikipedia_sendgrid_2017,
	type = {Online {Encyclopedia}},
	title = {{SendGrid}},
	shorttitle = {sendgrid},
	url = {https://en.wikipedia.org/wiki/SendGrid},
	language = {English},
	journal = {SendGrid},
	author = {Wikipedia},
	month = mar,
	year = {2017}
}

@misc{digitalmarketer.id_whitelisting_nodate,
	type = {Commercial},
	title = {Whitelisting},
	shorttitle = {whitelisting},
	url = {https://digitalmarketer.id/email-whitelisting/},
	language = {Indonesia},
	journal = {Whitelisting},
	author = {DigitalMarketer.id}
}

@misc{pratama_lelang_2012,
	type = {Blog},
	title = {Lelang},
	shorttitle = {Lelang},
	url = {http://raypratama.blogspot.co.id/2012/02/lelang.html},
	language = {Indonesia},
	journal = {Lelang},
	author = {Pratama, Ray},
	month = feb,
	year = {2012}
}

@misc{wikipedia_vue.js_2017,
	type = {Online {Encyclopedia}},
	title = {Vue.js},
	shorttitle = {vue},
	url = {https://en.wikipedia.org/wiki/Vue.js},
	language = {English},
	journal = {Vue.js},
	author = {Wikipedia},
	month = may,
	year = {2017},
	note = {translated to Indonesia}
}

@misc{balailelang_sejarah_nodate,
	title = {Sejarah {Lelang} di {Indonesia}},
	shorttitle = {sejarah lelang di indo},
	url = {https://www.balailelang.co.id/index.php/sejarah-lelang/sejarah-lelang-di-indonesia},
	language = {Indonesia},
	journal = {Balai Lelang},
	author = {BalaiLelang}
}

@misc{noauthor_mongodb_2017,
	type = {Online {Encyclopedia}},
	title = {{MongoDB}},
	copyright = {Lisensi Atribusi-BerbagiSerupa Creative Commons},
	shorttitle = {mongodb},
	url = {https://id.wikipedia.org/wiki/MongoDB},
	language = {Indonesia},
	journal = {Wikipedia},
	month = jan,
	year = {2017}
}

@misc{wikipedia_nosql_nodate,
	type = {Online {Encyclopedia}},
	title = {{NoSQL}},
	url = {https://id.wikipedia.org/wiki/NoSQL},
	language = {Indonesia},
	journal = {Wikipedia},
	author = {Wikipedia}
}

@misc{noauthor_sistem_2013,
	type = {Blog},
	title = {Sistem {Basis} {Data}},
	url = {https://rezapratama8.wordpress.com/2013/05/19/sistem-basis-data/},
	language = {Indonesia},
	month = mar,
	year = {2013}
}

@misc{noauthor_repository_2016,
	type = {Educational {Blog}},
	title = {Repository {Pattern} - {Coding}4ever’s {Blog}},
	shorttitle = {{RepPattern}},
	url = {http://coding4ever.net/blog/2016/02/22/repository-pattern/},
	language = {Indonesia},
	journal = {Repository Pattern},
	month = feb,
	year = {2016}
}

@article{shaw_patterns_1996,
	title = {Some {Patterns} for {Software} {Architectures}},
	volume = {2},
	url = {https://sophia.javeriana.edu.co/~cbustaca/docencia/DEAS-2015-03/documentos/1996_Shaw_Some%20Patterns%20for%20Software%20Architectures.pdf},
	abstract = {Software designers rely on informal patterns, or idioms, to describe the architectures
	of their software systems—the configurations of components that make up
	the systems. At the first PLoP, I identified seven patterns that guide high-level
	system design and discussed the way they guide the composition of systems
	from particular types of components [Shaw 95]. This paper extends the descriptions
	of those patterns (plus one) in response to the discussion at the conference.
	Most significantly, it adds information on the kinds of problems each pattern
	handles best},
	journal = {Pattern Languages of Program Design},
	author = {Shaw, Mary},
	year = {1996},
	pages = {255--269}
}

@misc{google_developers_service_2017,
	title = {Service {Worker} : {Pengantar}},
	shorttitle = {Service {Worker} {Google} {Devs}},
	url = {https://developers.google.com/web/fundamentals/getting-started/primers/service-workers?hl=id},
	abstract = {Pengalaman offline lengkap, sinkronisasi latar belakang berkala, pemberitahuan push—fungsionalitas yang biasanya memerlukan aplikasi asli—akan hadir di web. Service worker menyediakan fondasi teknis yang diperlukan oleh semua fitur ini.},
	language = {Indonesia},
	publisher = {Google Developers},
	author = {Google Developers, Web Fundamental},
	month = apr,
	year = {2017}
}

@misc{noauthor_jwt_2016,
	type = {Blog},
	title = {{JWT}},
	shorttitle = {{JWT}},
	url = {http://blog.nostratech.com/2016/06/jwt-json-web-token.html},
	language = {Indonesia},
	journal = {Nostra Technology},
	month = jun,
	year = {2016}
}

@book{d._vanhoose_e-commerce_2011,
	edition = {2},
	title = {E-{Commerce} {Economics}},
	shorttitle = {{eCommerce} {Economics}},
	url = {https://books.google.co.id/books?id=doKsAgAAQBAJ&hl=id},
	language = {English},
	publisher = {Routledge},
	author = {D. VanHoose, David},
	month = mar,
	year = {2011}
}

@misc{insidebigdata_exponential_2017,
	type = {Blog \& {News}},
	title = {Exponential {Growth} of {Data}},
	shorttitle = {exponential-growth-big-data},
	url = {https://insidebigdata.com/2017/02/16/the-exponential-growth-of-data/},
	language = {English},
	journal = {insideBIGDATA},
	author = {insideBIGDATA, Editorial Team},
	month = feb,
	year = {2017}
}

@misc{noauthor_test_2016,
	type = {Online {Encyclopedia}},
	title = {Test {Script}},
	shorttitle = {test script},
	url = {https://en.wikipedia.org/wiki/Test_script},
	abstract = {Test Script Explanation, types and references},
	language = {English},
	journal = {Test Script},
	author = {, Wikipedia},
	month = jan,
	year = {2016},
	note = {translated by author}
}

@misc{laravel_browser_nodate,
	type = {Documentation},
	title = {Browser {Testing}},
	shorttitle = {dusk},
	url = {https://laravel.com/docs/5.4/dusk},
	abstract = {Browser Testing Features in Laravel - featuring Laravel Dusk},
	language = {English},
	journal = {Browser Testing},
	author = {Laravel}
}

@misc{wikipedia_lelang_2017,
	type = {Online {Encyclopedia}},
	title = {Lelang},
	copyright = {Lisensi Atribusi-BerbagiSerupa Creative Commons;},
	shorttitle = {Lelang},
	url = {https://id.wikipedia.org/wiki/Lelang},
	language = {Indonesia},
	journal = {Lelang - Wikipedia},
	author = {Wikipedia},
	month = mar,
	year = {2017}
}

@misc{noauthor_smtp_nodate,
	title = {{SMTP}},
	shorttitle = {smtp.ts},
	url = {http://techscape.co.id/hosting/smtp.ts},
	abstract = {Mail-server tujuan ini bisa dianalogikan sebagai kotak pos di pagar depan rumah kita, atau kotak PO BOX di kantor pos. Email-email yang terkirim akan "nongkrong" di tempat tersebut hingga si pemiliknya mengambilnya. Urusan pengambilan e-mail tersebut tergantung kapan di penerima memeriksa account e-mailnya.}
}

@misc{wikipedia_json_2017,
	type = {Online {Encyclopedia}},
	title = {{JSON} {Web} {Token}},
	shorttitle = {{JSON}\_Web\_Token},
	url = {https://en.wikipedia.org/wiki/JSON_Web_Token},
	language = {English},
	journal = {Wikipedia},
	author = {Wikipedia},
	month = may,
	year = {2017}
}

@misc{sitepoint_7_2011,
	type = {Educational},
	title = {7 {Reasons} to {Use} a {CDN}},
	shorttitle = {7-reasons-why-cdn},
	url = {https://www.sitepoint.com/7-reasons-to-use-a-cdn/},
	abstract = {There are a number of free CDNs offered by Google, Microsoft, Yahoo and other large web organizations. For example, few people host their own videos when YouTube and Vimeo offer amazing free services. Alternatively, you could use a private commercial CDNs such as Amazon S3, Microsoft Windows Azure and MaxCDN to host your own files.},
	language = {English},
	journal = {7 Reasons to Use a CDN},
	author = {Sitepoint},
	month = sep,
	year = {2011}
}

@misc{web_services_amazon_nodate,
	type = {Bussiness},
	title = {Amazon {Benefits}},
	shorttitle = {aws-benefits},
	url = {https://aws.amazon.com/application-hosting/benefits/},
	abstract = {AWS Benefits at a Glance},
	language = {English},
	journal = {Benefits},
	author = {Web Services, Amazon}
}

@misc{wikipedia_amazon_2016,
	type = {Wikipedia},
	title = {Amazon {Web} {Services}},
	shorttitle = {{AWS}},
	url = {https://id.wikipedia.org/wiki/Amazon_Web_Services},
	abstract = {Definisi Amazon Web Services oleh Wikipedia},
	language = {Indonesia},
	journal = {Amazon Web Services},
	author = {Wikipedia},
	month = jan,
	year = {2016}
}

@misc{yudana_redis_2015,
	title = {Redis {Lebih} {Dari} {Sekedar} {Cache}},
	shorttitle = {redis-info},
	url = {http://www.yudana.id/redis-lebih-dari-sekedar-cache/},
	language = {Indonesia},
	journal = {Redis Lebih Dari Sekedar Cache},
	author = {Yudana},
	month = sep,
	year = {2015}
}

@article{ying-feng_kuo_online_2016,
	title = {Online auction service failures in {Taiwan}: {Typologies} and recovery strategies},
	volume = {10},
	shorttitle = {paper-utama},
	language = {English},
	journal = {Science Direct},
	author = {Ying-Feng Kuo and Shih-Ting Yen and Ling-Hsiu Chen},
	month = oct,
	year = {2016},
	pages = {183--193}
}

@misc{wikipedia_lelang_2016,
	title = {Lelang},
	shorttitle = {lelang-wiki},
	url = {https://id.wikipedia.org/wiki/Lelang},
	language = {Indonesia},
	journal = {Lelang},
	author = {Wikipedia},
	month = jan,
	year = {2016}
}

@inproceedings{noauthor_application_2005,
	address = {Mexico},
	title = {An {Application} of {E}-{Commerce} in {Auction} {Process}},
	shorttitle = {fungsionalitas},
	booktitle = {An {Application} of {E}-{Commerce} in {Auction} {Process}},
	year = {2005}
}

@misc{noauthor_apa_2016,
	title = {Apa itu {Laravel}?},
	copyright = {Emka, Ifhtul},
	shorttitle = {apa-itu-laravel},
	url = {http://emka.web.id/tutorial/tutorial-laravel/2013/tutorial-laravel-1-apa-itu-laravel/},
	journal = {Apa itu Laravel?},
	year = {2016}
}

@misc{noauthor_sistem_nodate,
	title = {Sistem {Lelang} {Online} {Masih} {Bermasalah}},
	copyright = {Abdullah Said},
	shorttitle = {sistem-lelang-masih-bermasalah},
	url = {http://www.saidabdullah.info/index.php/issues/394-sistem-lelang-online-masih-bermasalah},
	journal = {Sistem Lelang Online Masih Bermasalah}
}

@misc{noauthor_socket.io_2016,
	title = {Socket.io ({Wikipedia})},
	shorttitle = {socketio},
	url = {https://en.wikipedia.org/wiki/Socket.IO},
	language = {English},
	journal = {Wikipedia},
	month = jan,
	year = {2016}
}

@misc{noauthor_postgresql_nodate,
	title = {{PostgreSQL}},
	shorttitle = {postgresql},
	url = {http://www.belajarsql.com/postgresql},
	language = {Indonesia},
	journal = {PostgreSQL}
}

@misc{noauthor_node.js_2014,
	title = {Node.js ({Wikipedia})},
	shorttitle = {nodejs-wiki},
	url = {https://id.wikipedia.org/wiki/Node.js},
	language = {English},
	journal = {Node.js},
	month = nov,
	year = {2014}
}

@misc{noauthor_arti_nodate,
	title = {Arti pengertian {BID}, {INC}, {BIN} dalam {Bahasa} {Lelang} {Website}},
	shorttitle = {arti-bid-bin-inc},
	url = {http://www.bocahsoenyi.com/2015/02/arti-pengertian-bid-inc-bin-dalam-lelang-website.html},
	language = {Indonesia},
	journal = {Arti pengertian BID, INC, BIN dalam Bahasa Lelang Website}
}